
@book{ALSU06,
 author = {Aho, Alfred V. and Lam, Monica S. and Sethi, Ravi and Ullman, Jeffrey D.},
 title = {Compilers: Principles, Techniques, and Tools (2Nd Edition)},
 year = {2006},
 isbn = {0321486811},
 publisher = {Addison-Wesley Longman Publishing Co., Inc.},
 address = {Boston, MA, USA},
} 

@book{AA15,
 author = {Albahari, Joseph and Albahari, Ben},
 title = {C\# 6.0 in a Nutshell: The Definitive Reference},
 year = {2015},
 isbn = {1491927062, 9781491927069},
 edition = {6th},
 publisher = {O'Reilly Media, Inc.},
} 

@book{AA15a,
 author = {Albahari, Joseph and Albahari, Ben},
 title = {C\# 6.0 Pocket Reference: Instant Help for C\# 6.0 Programmers},
 year = {2015},
 isbn = {1491927410, 9781491927410},
 edition = {1st},
 publisher = {O'Reilly Media, Inc.},
} 

@book{Car94,
  title={Ender's Game},
  author={Card, O.S.},
  isbn={978081255
  0702},
  lccn={85136148},
  series={The Ender Quintet},
  url={https://books.google.com/books?id=5tCSc9pZPBwC},
  year={1994},
  publisher={Tom Doherty Associates}
}

@book{CSRL01,
 author = {Cormen, Thomas H. and Stein, Clifford and Rivest, Ronald L. and Leiserson, Charles E.},
 title = {Introduction to Algorithms},
 year = {2001},
 isbn = {0070131511},
 edition = {2nd},
 publisher = {McGraw-Hill Higher Education},
} 

@book{Fos84,
  title={The last starfighter},
  author={Foster, A.D.},
  isbn={9780425072554},
  url={https://books.google.com/books?id=uImJwZqPdIsC},
  year={1984},
  publisher={Berkley Books}
}


@book{GHJV95,
 author = {Gamma, Erich and Helm, Richard and Johnson, Ralph and Vlissides, John},
 title = {Design Patterns: Elements of Reusable Object-oriented Software},
 year = {1995},
 isbn = {0-201-63361-2},
 publisher = {Addison-Wesley Longman Publishing Co., Inc.},
 address = {Boston, MA, USA},
} 

@book{Gre14,
 author = {Gregory, Jason},
 title = {Game Engine Architecture, Second Edition},
 year = {2014},
 isbn = {1466560010, 9781466560017},
 edition = {2nd},
 publisher = {A. K. Peters, Ltd.},
 address = {Natick, MA, USA},
} 

@book{Mcw83,
  title={Guinness 1983 book of world records},
  author={McWhirter, N.},
  isbn={9780553231113},
  url={https://books.google.com/books?id=QgAV1sFLpuEC},
  year={1983},
  publisher={Bantam Books}
}



@book{RN03,
 author = {Russell, Stuart J. and Norvig, Peter},
 title = {Artificial Intelligence: A Modern Approach},
 year = {2003},
 isbn = {0137903952},
 edition = {2},
 publisher = {Pearson Education},
} 